<?xml version="1.0" encoding="UTF-8"?><collection xmlns="http://www.loc.gov/MARC21/slim"><record><leader>00378nam--2200145-i-4500</leader><controlfield tag="001">000046136</controlfield><controlfield tag="002">20161230</controlfield><controlfield tag="005">20170222165602</controlfield><controlfield tag="008">060222s1000------------r-----000-0-eng-d</controlfield><datafield ind1=" " ind2=" " tag="100"><subfield code="a">Vasilescu Karpen, N</subfield></datafield><datafield ind1=" " ind2=" " tag="245"><subfield code="a">Manual de electrotehnica generala</subfield></datafield><datafield ind1=" " ind2=" " tag="260"><subfield code="a">Bucuresti</subfield><subfield code="b">Cultura Nationala</subfield><subfield code="c">1927</subfield></datafield><datafield ind1=" " ind2=" " tag="300"><subfield code="a">280 p. + 265 Fig</subfield></datafield><datafield ind1=" " ind2=" " tag="852"><subfield code="a">6517</subfield></datafield><datafield ind1=" " ind2=" " tag="CAT"><subfield code="a">SYS</subfield><subfield code="c">20170222</subfield><subfield code="h">165602</subfield></datafield></record></collection>